@online{geo-series,
  author   = {Weisstein, Eric W.},
  title    = {Geometric Series},
  subtitle = {From MathWorld--A Wolfram Web Resource},
  note     = {Visited on 6/2/21},
  url      = {http://mathworld.wolfram.com/GeometricSeries.html}
}